%---------------------------------------------------------------------------%
%-                                                                         -%
%-                             Bibliography                                -%
%-                                                                         -%
%---------------------------------------------------------------------------%
@article{yariv2020multiview,
	  title={Multiview Neural Surface Reconstruction by Disentangling Geometry and Appearance},
	  author={Yariv, Lior and Kasten, Yoni and Moran, Dror and Galun, Meirav and Atzmon, Matan and Ronen, Basri and Lipman, Yaron},
	  journal={Advances in Neural Information Processing Systems},
	  volume={33},
	  year={2020}
}

@inproceedings{meshcheder2019cvpr,
  title = {Occupancy Networks: Learning 3D Reconstruction in Function Space},
  author = {Mescheder, Lars and Oechsle, Michael and Niemeyer, Michael and Nowozin, Sebastian and Geiger, Andreas},
  booktitle = {Proceedings of IEEE Conference on Computer Vision and Pattern Recognition (CVPR)},
  year = {2019}
}

@InProceedings{park2019cvpr,
author = {Park, Jeong Joon and Florence, Peter and Straub, Julian and Newcombe, Richard and Lovegrove, Steven},
title = {DeepSDF: Learning Continuous Signed Distance Functions for Shape Representation},
booktitle = {Proceedings of IEEE Conference on Computer Vision and Pattern Recognition (CVPR)},
year = {2019}
}

@InProceedings{saito2019pifu,
author = {Saito, Shunsuke and Huang, Zeng and Natsume, Ryota and Morishima, Shigeo and Kanazawa, Angjoo and Li, Hao},
title = {PIFu: Pixel-Aligned Implicit Function for High-Resolution Clothed Human Digitization},
booktitle = {Proceedings of IEEE International Conference on Computer Vision (ICCV)},
year = {2019}
}

@InProceedings{jiang2020sdfdiff,
    author = {Jiang, Yue and Ji, Dantong and Han, Zhizhong and Zwicker, Matthias},
    title = {SDFDiff: Differentiable Rendering of Signed Distance Fields for 3D Shape Optimization},
    booktitle = {Proceedings of IEEE Conference on Computer Vision and Pattern Recognition (CVPR)},
    year = {2020} 
}

@inproceedings{mildenhall2020nerf,
 title={NeRF: Representing Scenes as Neural Radiance Fields for View Synthesis},
 author={Ben Mildenhall and Pratul P. Srinivasan and Matthew Tancik and Jonathan T. Barron and Ravi Ramamoorthi and Ren Ng},
 year={2020},
 booktitle={Proceedings of the European Conference on Computer Vision (ECCV)},
}

@InProceedings{furukawa2006,
author="Furukawa, Yasutaka and Ponce, Jean",
title="Carved Visual Hulls for Image-Based Modeling",
booktitle="Proceedings of the European Conference on Computer Vision (ECCV)",
year="2006",
publisher="Springer Berlin Heidelberg",
pages="564--577",
isbn="978-3-540-33833-8"
}

@article{vlastic2008,
author = {Vlasic, Daniel and Baran, Ilya and Matusik, Wojciech and Popovi\'{c}, Jovan},
title = {Articulated Mesh Animation from Multi-View Silhouettes},
year = {2008},
issue_date = {August 2008},
publisher = {Association for Computing Machinery},
address = {New York, NY, USA},
volume = {27},
number = {3},
issn = {0730-0301},
journal = {ACM Transactions on Graphics},
month = aug,
pages = {1–9},
numpages = {9},
}

@inproceedings{matusik2000ibvh,
author = {Matusik, Wojciech and Buehler, Chris and Raskar, Ramesh and Gortler, Steven J. and McMillan, Leonard},
title = {Image-Based Visual Hulls},
year = {2000},
isbn = {1581132085},
booktitle = {Proceedings of the 27th Annual Conference on Computer Graphics and Interactive Techniques},
pages = {369–374},
series = {SIGGRAPH '00}
}

@ARTICLE{furukawa2010,
  author={Furukawa, Y.  and Ponce, J. },
  journal={IEEE Transactions on Pattern Analysis and Machine Intelligence}, 
  title={Accurate, Dense, and Robust Multiview Stereopsis}, 
  year={2010},
  volume={32},
  number={8},
  pages={1362-1376}
}

@ARTICLE{starck2007,
  author={Starck, J. and Hilton, A.},
  journal={IEEE Computer Graphics and Applications}, 
  title={Surface Capture for Performance-Based Animation}, 
  year={2007},
  volume={27},
  number={3},
  pages={21-31},
}

@inproceedings{zitnick2004,
author = {Zitnick, C. Lawrence and Kang, Sing Bing and Uyttendaele, Matthew and Winder, Simon and Szeliski, Richard},
title = {High-Quality Video View Interpolation Using a Layered Representation},
year = {2004},
publisher = {Association for Computing Machinery},
booktitle = {ACM SIGGRAPH 2004 Papers},
pages = {600–608},
numpages = {9},
series = {SIGGRAPH '04}
}

@article{kazhdan2013,
author = {Kazhdan, Michael and Hoppe, Hugues},
title = {Screened Poisson Surface Reconstruction},
year = {2013},
publisher = {Association for Computing Machinery},
volume = {32},
number = {3},
journal = {ACM Transactions on Graphics},
month = jul,
articleno = {29},
numpages = {13},
}

@inproceedings{kazhdan2006,
author = {Kazhdan, Michael and Bolitho, Matthew and Hoppe, Hugues},
title = {Poisson Surface Reconstruction},
year = {2006},
publisher = {Eurographics Association},
booktitle = {Proceedings of the Fourth Eurographics Symposium on Geometry Processing},
pages = {61–70},
numpages = {10},
series = {SGP '06}
}

@inproceedings{vlasic2009,
author = {Vlasic, Daniel and Peers, Pieter and Baran, Ilya and Debevec, Paul and Popovi\'{c}, Jovan and Rusinkiewicz, Szymon and Matusik, Wojciech},
title = {Dynamic Shape Capture Using Multi-View Photometric Stereo},
year = {2009},
publisher = {Association for Computing Machinery},
booktitle = {ACM SIGGRAPH Asia 2009 Papers},
articleno = {174},
numpages = {11},
series = {SIGGRAPH Asia '09}
}

@InProceedings{wu2012,
author="Wu, Chenglei and Varanasi, Kiran and Theobalt, Christian",
title="Full Body Performance Capture under Uncontrolled and Varying Illumination: A Shading-Based Approach",
booktitle="Proceedings of the European Conference on Computer Vision (ECCV)",
year="2012",
publisher="Springer Berlin Heidelberg",
pages="757--770",
isbn="978-3-642-33765-9"
}

@INPROCEEDINGS{ji2017iccv,
  author={Ji, Mengqi and Gall, Juergen and Zheng, Haitian and Liu, Yebin and Fang, Lu },
  booktitle={Proceedings of IEEE International Conference on Computer Vision (ICCV)}, 
  title={SurfaceNet: An End-to-End 3D Neural Network for Multiview Stereopsis}, 
  year={2017},
  pages={2326-2334}
}

@inproceedings{kar2017neurips,
author = {Kar, Abhishek and H\"{a}ne, Christian and Malik, Jitendra},
title = {Learning a Multi-View Stereo Machine},
year = {2017},
publisher = {Curran Associates Inc.},
booktitle = {Proceedings of the 31st International Conference on Neural Information Processing Systems},
pages = {364–375},
numpages = {12},
series = {NIPS'17}
}

@InProceedings{huang2018eccv,
author="Huang, Zeng and Li, Tianye and Chen, Weikai and Zhao, Yajie and Xing, Jun and LeGendre, Chloe and Luo, Linjie and Ma, Chongyang and Li, Hao",
title="Deep Volumetric Video From Very Sparse Multi-view Performance Capture",
booktitle="Proceedings of the European Conference on Computer Vision (ECCV)",
year="2018",
publisher="Springer International Publishing",
pages="351--369",
isbn="978-3-030-01270-0"
}

@InProceedings{Gilbert_2018_ECCV,
author = {Gilbert, Andrew and Volino, Marco and Collomosse, John and Hilton, Adrian},
title = {Volumetric performance capture from minimal camera viewpoints},
booktitle = {Proceedings of the European Conference on Computer Vision (ECCV)},
month = {September},
year = {2018}
}

@InProceedings{yao2018mvsnet,
  title={MVSNet: Depth Inference for Unstructured Multi-view Stereo},
  author={Yao, Yao and Luo, Zixin and Li, Shiwei and Fang, Tian and Quan, Long},
  booktitle={Proceedings of the European Conference on Computer Vision (ECCV)},
  year={2018}
}

@INPROCEEDINGS{newcombe2011kfuse,
  author={Newcombe, R. A. and Izadi, S. and Hilliges, O. and Molyneaux, D. and Kim, D. and Davison, A. J. and Kohi, P. and Shotton, J. and Hodges, S. and Fitzgibbon, A. },
  booktitle={IEEE International Symposium on Mixed and Augmented Reality}, 
  title={KinectFusion: Real-time dense surface mapping and tracking}, 
  year={2011},
  volume={},
  number={},
  pages={127-136}
}
  
@inproceedings{lorensen1987,
author = {Lorensen, William E. and Cline, Harvey E.},
title = {Marching Cubes: A High Resolution 3D Surface Construction Algorithm},
year = {1987},
publisher = {Association for Computing Machinery},
booktitle = {Proceedings of the 14th Annual Conference on Computer Graphics and Interactive Techniques},
pages = {163–169},
numpages = {7},
series = {SIGGRAPH '87}
}

@article{zollhofer2014,
author = {Zollh\"{o}fer, Michael and Nie\ss{}ner, Matthias and Izadi, Shahram and Rehmann, Christoph and Zach, Christopher and Fisher, Matthew and Wu, Chenglei and Fitzgibbon, Andrew and Loop, Charles and Theobalt, Christian and Stamminger, Marc},
title = {Real-Time Non-Rigid Reconstruction Using an RGB-D Camera},
year = {2014},
issue_date = {July 2014},
publisher = {Association for Computing Machinery},
volume = {33},
number = {4},
issn = {0730-0301},
journal = {ACM Transactions on Graphics},
month = jul,
articleno = {156},
numpages = {12}
}

@INPROCEEDINGS{newcombe2015,
  author={Newcombe, R. A. and Fox, D. and Seitz, S. M. },
  booktitle={Proceedings of IEEE Conference on Computer Vision and Pattern Recognition (CVPR)}, 
  title={DynamicFusion: Reconstruction and tracking of non-rigid scenes in real-time}, 
  year={2015},
  volume={},
  number={},
  pages={343-352},
  ISSN={1063-6919},
  month={June}
 }
 	
@article{innmann2016volume,
   title      = {{VolumeDeform: Real-time Volumetric Non-rigid Reconstruction}},
   author     = {Matthias Innmann and Michael Zollh{\"o}fer and Matthias Nie{\ss}ner and Christian Theobalt and Marc Stamminger},
   booktitle  = {Proceedings of European Conference on Computer Vision ({ECCV})},
   numpages   = {17},
   month      = {October},
   year       = {2016}
}

@article{dou2016,
author = {Dou, Mingsong and Khamis, Sameh and Degtyarev, Yury and Davidson, Philip and Fanello, Sean Ryan and Kowdle, Adarsh and Escolano, Sergio Orts and Rhemann, Christoph and Kim, David and Taylor, Jonathan and Kohli, Pushmeet and Tankovich, Vladimir and Izadi, Shahram},
title = {Fusion4D: Real-Time Performance Capture of Challenging Scenes},
year = {2016},
issue_date = {July 2016},
publisher = {Association for Computing Machinery},
volume = {35},
number = {4},
issn = {0730-0301},
journal = {ACM Transactions on Graphics},
month = jul,
articleno = {114},
numpages = {13}
}

@INPROCEEDINGS{slavcheva2017,
  author={M. Slavcheva and M. Baust and D. Cremers and S. Ilic},
  booktitle={Proceedings on IEEE Conference on Computer Vision and Pattern Recognition (CVPR)}, 
  title={KillingFusion: Non-rigid 3D Reconstruction without Correspondences}, 
  year={2017},
  volume={},
  number={},
  pages={5474-5483},
}

@article{anguelov2005scape,
author = {Anguelov, Dragomir and Srinivasan, Praveen and Koller, Daphne and Thrun, Sebastian and Rodgers, Jim and Davis, James},
title = {SCAPE: Shape Completion and Animation of People},
year = {2005},
issue_date = {July 2005},
publisher = {Association for Computing Machinery},
volume = {24},
number = {3},
issn = {0730-0301},
journal = {ACM Transactions on Graphics},
month = jul,
pages = {408–416},
numpages = {9}
}

@article{loper2015smpl,
author = {Loper, Matthew and Mahmood, Naureen and Romero, Javier and Pons-Moll, Gerard and Black, Michael J.},
title = {SMPL: A Skinned Multi-Person Linear Model},
year = {2015},
issue_date = {November 2015},
publisher = {Association for Computing Machinery},
volume = {34},
number = {6},
issn = {0730-0301},
journal = {ACM Transactions on Graphics},
month = oct,
articleno = {248},
numpages = {16}
}

@article{cao2019openpose,
  author = {Z. Cao and G. Hidalgo Martinez and T. Simon and S. Wei and Y. A. Sheikh},
  journal = {IEEE Transactions on Pattern Analysis and Machine Intelligence},
  title = {OpenPose: Realtime Multi-Person 2D Pose Estimation using Part Affinity Fields},
  year = {2019}
}

@inproceedings{fang2017rmpe,
  title={{RMPE}: Regional Multi-person Pose Estimation},
  author={Fang, Hao-Shu and Xie, Shuqin and Tai, Yu-Wing and Lu, Cewu},
  booktitle={Proceedings of IEEE International Conference on Computer Vision (ICCV)},
  year={2017}
}

@INPROCEEDINGS{guan2009,
  author={ Peng Guan and A. Weiss and A. O. Bãlan and M. J. Black},
  booktitle={Proceedings of IEEE International Conference on Computer Vision (ICCV)}, 
  title={Estimating human shape and pose from a single image}, 
  year={2009},
  volume={},
  number={},
  pages={1381-1388}
}

@inproceedings{zhou2010,
author = {Zhou, Shizhe and Fu, Hongbo and Liu, Ligang and Cohen-Or, Daniel and Han, Xiaoguang},
title = {Parametric Reshaping of Human Bodies in Images},
year = {2010},
isbn = {9781450302104},
publisher = {Association for Computing Machinery},
booktitle = {ACM SIGGRAPH 2010 Papers},
articleno = {126},
numpages = {10},
series = {SIGGRAPH '10}
}

@InProceedings{Pavlakos_2018_CVPR,
author = {Pavlakos, Georgios and Zhu, Luyang and Zhou, Xiaowei and Daniilidis, Kostas},
title = {Learning to Estimate 3D Human Pose and Shape From a Single Color Image},
booktitle = {Proceedings of IEEE Conference on Computer Vision and Pattern Recognition (CVPR)},
month = {June},
year = {2018}
}

@INPROCEEDINGS{kanazawa2018,
  author={A. Kanazawa and M. J. Black and D. W. Jacobs and J. Malik},
  booktitle={Proceedings of IEEE Conference on Computer Vision and Pattern Recognition (CVPR)}, 
  title={End-to-End Recovery of Human Shape and Pose}, 
  year={2018},
  volume={},
  number={},
  pages={7122-7131}
}

@inproceedings {omran2018nbf,
  title = {Neural Body Fitting: Unifying Deep Learning and Model-Based Human Pose and Shape Estimation},
  journal = {International Conference on 3D Vision (3DV)},
  year = {2018},
  author = {Omran, Mohamed and Lassner, Christoph and Pons-Moll, Gerard and Gehler, Peter V. and Schiele, Bernt}
}

@inproceedings{alldieck2018video,
  title = {Video Based Reconstruction of 3D People Models},
  author = {Alldieck, Thiemo and Magnor, Marcus and Xu, Weipeng and Theobalt, Christian and Pons-Moll, Gerard},
  booktitle = {Proceedings of IEEE Conference on Computer Vision and Pattern Recognition (CVPR)},
  year = {2018}
}

@InProceedings{varol2018,
author="Varol, G{\"u}l and Ceylan, Duygu and Russell, Bryan and Yang, Jimei and Yumer, Ersin and Laptev, Ivan and Schmid, Cordelia",
title="BodyNet: Volumetric Inference of 3D Human Body Shapes",
booktitle="Proceedings of the European Conference on Computer Vision (ECCV)",
year="2018",
publisher="Springer International Publishing",
pages="20--38",
isbn="978-3-030-01234-2"
}

@InProceedings{Chibane_2020_CVPR,
author = {Chibane, Julian and Alldieck, Thiemo and Pons-Moll, Gerard},
title = {Implicit Functions in Feature Space for 3D Shape Reconstruction and Completion},
booktitle = {Proceedings of IEEE Conference on Computer Vision and Pattern Recognition (CVPR)},
month = {June},
year = {2020}
}

@InProceedings{saito2020pifuhd,
author = {Saito, Shunsuke and Simon, Tomas and Saragih, Jason and Joo, Hanbyul},
title = {PIFuHD: Multi-Level Pixel-Aligned Implicit Function for High-Resolution 3D Human Digitization},
booktitle = {Proceedings of IEEE Conference on Computer Vision and Pattern Recognition (CVPR)},
month = {June},
year = {2020}
}

@InProceedings{TDB16a,
author       = "M. Tatarchenko and A. Dosovitskiy and T. Brox",
title        = "Multi-view 3D Models from Single Images with a Convolutional Network",
booktitle    = "Proceedings of European Conference on Computer Vision (ECCV)",
year         = "2016"
}

@INPROCEEDINGS{niklaus2017,
  author={S. Niklaus and L. Mai and F. Liu},
  booktitle={Proceedings of IEEE Conference on Computer Vision and Pattern Recognition (CVPR)}, 
  title={Video Frame Interpolation via Adaptive Convolution}, 
  year={2017},
  volume={},
  number={},
  pages={2270-2279}
}

@inproceedings{jaderberg2015,
 author = {Jaderberg, Max and Simonyan, Karen and Zisserman, Andrew and kavukcuoglu, koray},
 booktitle = {Advances in Neural Information Processing Systems},
 pages = {},
 publisher = {Curran Associates, Inc.},
 title = {Spatial Transformer Networks},
 volume = {28},
 year = {2015}
}

@INPROCEEDINGS{flynn2016,
  author={J. Flynn and I. Neulander and J. Philbin and N. Snavely},
  booktitle={Proceedings of IEEE Conference on Computer Vision and Pattern Recognition (CVPR)}, 
  title={Deep Stereo: Learning to Predict New Views from the World's Imagery}, 
  year={2016},
  volume={},
  number={},
  pages={5515-5524},
}

@article{kalantari2016,
author = {Kalantari, Nima Khademi and Wang, Ting-Chun and Ramamoorthi, Ravi},
title = {Learning-Based View Synthesis for Light Field Cameras},
year = {2016},
issue_date = {November 2016},
publisher = {Association for Computing Machinery},
volume = {35},
number = {6},
issn = {0730-0301},
journal = {ACM Transactions on Graphics},
month = nov,
articleno = {193},
numpages = {10}
}
  
@inproceedings{zhou2016view,
	title={View Synthesis by Appearance Flow},
	author={Zhou, Tinghui and Tulsiani, Shubham and Sun, Weilun and Malik, Jitendra and Efros, Alexei A},
	booktitle={Proceedings of the European Conference on Computer Vision (ECCV)},
	year={2016}
}

@inproceedings{tvsn_cvpr2017,
  title = {Transformation-Grounded Image Generation Network for Novel 3D View Synthesis},
  author = {Eunbyung Park and Jimei Yang and Ersin Yumer and Duygu Ceylan and Alexander C. Berg},
  booktitle = {Proceedings of IEEE Conference on Computer Vision and Pattern Recognition (CVPR)},
  month = {July},
  year = {2017}
}

@inproceedings{sitzmann2019srns,
    author = {Sitzmann, Vincent and Zollh{\"o}fer, Michael and Wetzstein, Gordon},
    title = {Scene Representation Networks: Continuous 3D-Structure-Aware Neural Scene Representations},
    booktitle = {Advances in Neural Information Processing Systems},
    year={2019}
}

@INPROCEEDINGS {oechsle2020,
author = {M. Oechsle and M. Niemeyer and C. Reiser and L. Mescheder and T. Strauss and A. Geiger},
booktitle = {International Conference on 3D Vision (3DV)},
title = {Learning Implicit Surface Light Fields},
year = {2020},
volume = {},
issn = {},
pages = {452-462},
publisher = {IEEE Computer Society},
month = {nov}
}

@inproceedings{seitz1996,
author = {Seitz, Steven M. and Dyer, Charles R.},
title = {View Morphing},
year = {1996},
isbn = {0897917464},
publisher = {Association for Computing Machinery},
booktitle = {Proceedings of the 23rd Annual Conference on Computer Graphics and Interactive Techniques},
pages = {21–30},
numpages = {10},
series = {SIGGRAPH '96}
}

@InProceedings{Ji_2017_CVPR,
author = {Ji, Dinghuang and Kwon, Junghyun and McFarland, Max and Savarese, Silvio},
title = {Deep View Morphing},
booktitle = {Proceedings of IEEE Conference on Computer Vision and Pattern Recognition (CVPR)},
month = {July},
year = {2017}
}

@techreport{shapenet2015,
  title       = {{ShapeNet: An Information-Rich 3D Model Repository}},
  author      = {Chang, Angel X. and Funkhouser, Thomas and Guibas, Leonidas and Hanrahan, Pat and Huang, Qixing and Li, Zimo and Savarese, Silvio and Savva, Manolis and Song, Shuran and Su, Hao and Xiao, Jianxiong and Yi, Li and Yu, Fisher},
  number      = {arXiv:1512.03012 [cs.GR]},
  institution = {Stanford University --- Princeton University --- Toyota Technological Institute at Chicago},
  year        = {2015}
}

@INPROCEEDINGS{varol2017,
  author={G. Varol and J. Romero and X. Martin and N. Mahmood and M. J. Black and I. Laptev and C. Schmid},
  booktitle={Proceedings of IEEE Conference on Computer Vision and Pattern Recognition (CVPR)}, 
  title={Learning from Synthetic Humans}, 
  year={2017},
  volume={},
  number={},
  pages={4627-4635}
}

@inproceedings{muller2009,
author = {M\"{u}ller, Meinard and Baak, Andreas and Seidel, Hans-Peter},
title = {Efficient and Robust Annotation of Motion Capture Data},
year = {2009},
isbn = {9781605586106},
publisher = {Association for Computing Machinery},
booktitle = {Proceedings of the 2009 ACM SIGGRAPH/Eurographics Symposium on Computer Animation},
pages = {17–26},
numpages = {10},
series = {SCA '09}
}

@InProceedings{Ilg_2017_CVPR,
author = {Ilg, Eddy and Mayer, Nikolaus and Saikia, Tonmoy and Keuper, Margret and Dosovitskiy, Alexey and Brox, Thomas},
title = {FlowNet 2.0: Evolution of Optical Flow Estimation With Deep Networks},
booktitle = {Proceedings of IEEE Conference on Computer Vision and Pattern Recognition (CVPR)},
month = {July},
year = {2017}
}

@InProceedings{newell2016,
author="Newell, Alejandro and Yang, Kaiyu and Deng, Jia",
title="Stacked Hourglass Networks for Human Pose Estimation",
booktitle="Proceedings of the European Conference on Computer Vision (ECCV)",
year="2016",
publisher="Springer International Publishing",
pages="483--499"
}

@article{berger17,
author = {Berger, Matthew and Tagliasacchi, Andrea and Seversky, Lee M. and Alliez, Pierre and Guennebaud, Ga\"{e}l and Levine, Joshua A. and Sharf, Andrei and Silva, Claudio T.},
title = {A Survey of Surface Reconstruction from Point Clouds},
year = {2017},
issue_date = {January 2017},
publisher = {The Eurographs Association & John Wiley & Sons, Ltd.},
volume = {36},
number = {1},
journal = {Computer Graphics Forum},
pages = {301–329},
numpages = {29}
}

@article{digne11,
author = {Digne, Julie and Morel, Jean-Michel and Souzani, Charyar-Mehdi and Lartigue, Claire},
title = {Scale Space Meshing of Raw Data Point Sets},
journal = {Computer Graphics Forum},
volume = {30},
number = {6},
pages = {1630-1642},
year = {2011}
}

@article{OHRHALLINGER2013645,
title = {Minimizing edge length to connect sparsely sampled unstructured point sets},
journal = {Computers & Graphics},
volume = {37},
number = {6},
pages = {645-658},
year = {2013},
author = {Stefan Ohrhallinger and Sudhir Mudur and Michael Wimmer},
}

@article{sharf06,
author = {Sharf, Andrei and Lewiner, Thomas and Shamir, Ariel and Kobbelt, Leif and Cohen–Or, Daniel},
title = {Competing Fronts for Coarse–to–Fine Surface Reconstruction},
journal = {Computer Graphics Forum},
volume = {25},
number = {3},
pages = {389-398},
year = {2006}
}

@inproceedings{li10,
author = {Li, Guo and Liu, Ligang and Zheng, Hanlin and Mitra, Niloy J.},
title = {Analysis, Reconstruction and Manipulation Using Arterial Snakes},
year = {2010},
publisher = {Association for Computing Machinery},
booktitle = {ACM SIGGRAPH Asia 2010 Papers},
articleno = {152},
numpages = {10},
keywords = {arterial snake, shape analysis, relief analysis, surface reconstruction, point cloud},
location = {Seoul, South Korea},
series = {SIGGRAPH ASIA '10}
}

@inproceedings{hoppe92,
author = {Hoppe, Hugues and DeRose, Tony and Duchamp, Tom and McDonald, John and Stuetzle, Werner},
title = {Surface Reconstruction from Unorganized Points},
year = {1992},
publisher = {Association for Computing Machinery},
booktitle = {Proceedings of the 19th Annual Conference on Computer Graphics and Interactive Techniques},
pages = {71–78},
numpages = {8},
series = {SIGGRAPH '92}
}

@inproceedings{kazhdan05,
author = {Kazhdan, Michael},
title = {Reconstruction of Solid Models from Oriented Point Sets},
year = {2005},
publisher = {Eurographics Association},
booktitle = {Proceedings of the Third Eurographics Symposium on Geometry Processing},
pages = {73–es},
location = {Vienna, Austria},
series = {SGP '05}
}

@inproceedings{manson08,
author = {Manson, J. and Petrova, G. and Schaefer, S.},
title = {Streaming Surface Reconstruction Using Wavelets},
year = {2008},
publisher = {Eurographics Association},
booktitle = {Proceedings of the Symposium on Geometry Processing},
pages = {1411–1420},
numpages = {10},
series = {SGP '08}
}

@article{ohtake05,
author = {Ohtake, Yutaka and Belyaev, Alexander and Seidel, Hans-Peter},
title = {3D Scattered Data Interpolation and Approximation with Multilevel Compactly Supported RBFs},
year = {2005},
publisher = {Academic Press Professional, Inc.},
volume = {67},
number = {3},
journal = {Graphical Models},
month = may,
pages = {150–165},
numpages = {16}
}

@inproceedings{alliez07,
author = {Alliez, P. and Cohen-Steiner, D. and Tong, Y. and Desbrun, M.},
title = {Voronoi-Based Variational Reconstruction of Unoriented Point Sets},
year = {2007},
publisher = {Eurographics Association},
booktitle = {Proceedings of the Fifth Eurographics Symposium on Geometry Processing},
pages = {39–48},
numpages = {10},
series = {SGP '07}
}

@INPROCEEDINGS{ladicky17,
  author={L. Ladický and O. Saurer and S. Jeong and F. Maninchedda and M. Pollefeys},
  booktitle={Proceedings of IEEE International Conference on Computer Vision (ICCV)}, 
  title={From Point Clouds to Mesh Using Regression}, 
  year={2017},
  volume={},
  number={},
  pages={3913-3922}
}

@InProceedings{ogn2017,
  author       = "M. Tatarchenko and A. Dosovitskiy and T. Brox",
  title        = "Octree Generating Networks: Efficient Convolutional Architectures for High-resolution 3D Outputs",
  booktitle    = "Proceedings of IEEE International Conference on Computer Vision (ICCV)",
  year         = "2017"
}

@inproceedings{groueix2018,
          title={{AtlasNet: A Papier-M\^ach\'e Approach to Learning 3D Surface Generation}},
          author={Groueix, Thibault and Fisher, Matthew and Kim, Vladimir G. and Russell, Bryan and Aubry, Mathieu},
          booktitle={Proceedings of IEEE Conference on Computer Vision and Pattern Recognition (CVPR)},
          year={2018}
}

@INPROCEEDINGS{chen19,
  author={Z. Chen and H. Zhang},
  booktitle={Proceedings of IEEE Conference on Computer Vision and Pattern Recognition (CVPR)}, 
  title={Learning Implicit Fields for Generative Shape Modeling}, 
  year={2019},
  volume={},
  number={},
  pages={5932-5941},
}








@book{wikibook2014latex,
    title={http://en.wikibooks.org/wiki/LaTeX},
    author={Wikibook},
    year={2014},
    publisher={On-line Resources}
}
@book{lamport1986document,
    title={Document Preparation System},
    author={Lamport, Leslie},
    year={1986},
    publisher={Addison-Wesley Reading, MA}
}
@article{chen2005zhulu,
    title={著录文后参考文献的规则及注意事项},
    author={陈浩元},
    key={Chen Hao Yuan},
    journal={编辑学报},
    volume={17},
    number={6},
    pages={413--415},
    year={2005}
}
@book{chu2004tushu,
    title={图书馆数字参考咨询服务研究},
    author={初景利},
    key={Chu Jing Li},
    year={2004},
    address={北京},
    publisher={北京图书馆出版社}
}
@article{stamerjohanns2009mathml,
    title={{MathML}-aware article conversion from {LaTeX}},
    author={Stamerjohanns, Heinrich and Ginev, Deyan and David, Catalin and Misev, Dimitar and Zamdzhiev, Vladimir and Kohlhase, Michael},
    journal={Towards a Digital Mathematics Library},
    volume={16},
    number={2},
    pages={109--120},
    year={2009},
    publisher={Masaryk University Press}
}
@article{betts2005aging,
    title={Aging reduces center-surround antagonism in visual motion processing},
    author={Betts, Lisa R and Taylor, Christopher P},
    journal={Neuron},
    volume={45},
    number={3},
    pages={361--366},
    year={2005},
    publisher={Elsevier}
}

@article{bravo1990comparative,
    title={Comparative study of visual inter and intrahemispheric cortico-cortical connections in five native Chilean rodents},
    author={Bravo, Hermes and Olavarria, Jaime},
    journal={Anatomy and embryology},
    volume={181},
    number={1},
    pages={67--73},
    year={1990},
    publisher={Springer}
}
@book{hls2012jinji,
    author       = {哈里森·沃尔德伦},
    key          = {Haliseng Woerdelun},
    translator   = {谢远涛},
    title        = {经济数学与金融数学},
    address      = {北京},
    publisher    = {中国人民大学出版社},
    year         = {2012},
    pages        = {235--236},
}
@proceedings{niu2013zonghe,
    editor       = {牛志明 and 斯温兰德 and 雷光春},
    key          = {Niu Zhi Ming Siwenlande Lei Guang Chun},
    title        = {综合湿地管理国际研讨会论文集},
    address      = {北京},
    publisher    = {海洋出版社},
    year         = {2013},
}
@incollection{chen1980zhongguo,
    author       = {陈晋镳 and 张惠民 and 朱士兴 and 赵震 and
        王振刚},
    key          = {Chen Jing Ao Zhang Hui Ming Zhu Shi Xing Zhao Zhen Wang Zhen Gang},
    title        = {蓟县震旦亚界研究},
    editor       = {中国地质科学院天津地质矿产研究所},
    booktitle    = {中国震旦亚界},
    address      = {天津},
    publisher    = {天津科学技术出版社},
    year         = {1980},
    pages        = {56--114},
}
@article{yuan2012lana,
    author       = {袁训来 and 陈哲 and 肖书海},
    key          = {Yuan xun lai Chen zhe Xiao shu Hai},
    title        = {蓝田生物群: 一个认识多细胞生物起源和早期演化的新窗口 -- 篇一},
    journal      = {科学通报},
    year         = {2012},
    volume       = {57},
    number       = {34},
    pages        = {3219},
}
@article{yuan2012lanb,
    author       = {袁训来 and 陈哲 and 肖书海},
    key          = {Yuan xun lai Chen zhe Xiao shu Hai},
    title        = {蓝田生物群: 一个认识多细胞生物起源和早期演化的新窗口 -- 篇二},
    journal      = {科学通报},
    year         = {2012},
    volume       = {57},
    number       = {34},
    pages        = {3219},
}
@article{yuan2012lanc,
    author       = {袁训来 and 陈哲 and 肖书海},
    key          = {Yuan xun lai Chen zhe Xiao shu Hai},
    title        = {蓝田生物群: 一个认识多细胞生物起源和早期演化的新窗口 -- 篇三},
    journal      = {科学通报},
    year         = {2012},
    volume       = {57},
    number       = {34},
    pages        = {3219},
}
@article{walls2013drought,
    author       = {Walls, Susan C. and Barichivich, William J. and Brown, Mary
        E.},
    title        = {Drought, deluge and declines: the impact of precipitation
        extremes on amphibians in a changing climate},
    journal      = {Biology},
    year         = {2013},
    volume       = {2},
    number       = {1},
    pages        = {399--418},
    urldate      = {2013-11-04},
    url          = {http://www.mdpi.com/2079-7737/2/1/399},
    doi          = {10.3390/biology2010399},
}
@article{Bohan1928,
    author = { ボハン, デ},
    title = { 過去及び現在に於ける英国と会 },
    journal = { 日本時報 },
    year = { 1928 },
    volume = { 17 },
    pages = { 5-9 },
    edition = { 9 },
    hyphenation = { japanese },
    language = { japanese }
}

@article{Dubrovin1906,
    author = { Дубровин, А. И },
    title = { Открытое письмо Председателя Главного Совета Союза Русского Народа Санкт-Петербургскому Антонию, Первенствующему члену Священного Синода },
    journal = { Вече },
    year = { 1906 },
    volume = {  },
    edition = { 97 },
    month = { 7 дек. 1906 },
    pages = { 1-3 },
    hyphenation = { russian },
    language = { russian }
}
%---------------------------------------------------------------------------%
